%YAML 1.1
%TAG !u! tag:unity3d.com,2011:
--- !u!1 &9095503945240395298
GameObject:
  m_ObjectHideFlags: 0
  m_CorrespondingSourceObject: {fileID: 0}
  m_PrefabInstance: {fileID: 0}
  m_PrefabAsset: {fileID: 0}
  serializedVersion: 6
  m_Component:
  - component: {fileID: 9092453850136394914}
  m_Layer: 0
  m_Name: LeftControllerAnchor
  m_TagString: Untagged
  m_Icon: {fileID: 0}
  m_NavMeshLayer: 0
  m_StaticEditorFlags: 0
  m_IsActive: 1
--- !u!4 &9092453850136394914
Transform:
  m_ObjectHideFlags: 0
  m_CorrespondingSourceObject: {fileID: 0}
  m_PrefabInstance: {fileID: 0}
  m_PrefabAsset: {fileID: 0}
  m_GameObject: {fileID: 9095503945240395298}
  m_LocalRotation: {x: 0, y: 0, z: 0, w: 1}
  m_LocalPosition: {x: 0, y: 0, z: 0}
  m_LocalScale: {x: 1, y: 1, z: 1}
  m_ConstrainProportionsScale: 0
  m_Children: []
  m_Father: {fileID: 9096905625054927368}
  m_RootOrder: 0
  m_LocalEulerAnglesHint: {x: 0, y: 0, z: 0}
--- !u!1 &9096441950419221236
GameObject:
  m_ObjectHideFlags: 0
  m_CorrespondingSourceObject: {fileID: 0}
  m_PrefabInstance: {fileID: 0}
  m_PrefabAsset: {fileID: 0}
  serializedVersion: 6
  m_Component:
  - component: {fileID: 9093152209247312666}
  m_Layer: 0
  m_Name: RightControllerAnchor
  m_TagString: Untagged
  m_Icon: {fileID: 0}
  m_NavMeshLayer: 0
  m_StaticEditorFlags: 0
  m_IsActive: 1
--- !u!4 &9093152209247312666
Transform:
  m_ObjectHideFlags: 0
  m_CorrespondingSourceObject: {fileID: 0}
  m_PrefabInstance: {fileID: 0}
  m_PrefabAsset: {fileID: 0}
  m_GameObject: {fileID: 9096441950419221236}
  m_LocalRotation: {x: 0, y: 0, z: 0, w: 1}
  m_LocalPosition: {x: 0, y: 0, z: 0}
  m_LocalScale: {x: 1, y: 1, z: 1}
  m_ConstrainProportionsScale: 0
  m_Children: []
  m_Father: {fileID: 9096905625054932492}
  m_RootOrder: 0
  m_LocalEulerAnglesHint: {x: 0, y: 0, z: 0}
--- !u!1 &9096905625054480376
GameObject:
  m_ObjectHideFlags: 0
  m_CorrespondingSourceObject: {fileID: 0}
  m_PrefabInstance: {fileID: 0}
  m_PrefabAsset: {fileID: 0}
  serializedVersion: 6
  m_Component:
  - component: {fileID: 9096905625054976984}
  - component: {fileID: 9096905625058286074}
  - component: {fileID: 9096905625056482306}
  - component: {fileID: 939016160465221315}
  m_Layer: 5
  m_Name: CenterEyeAnchor
  m_TagString: MainCamera
  m_Icon: {fileID: 0}
  m_NavMeshLayer: 0
  m_StaticEditorFlags: 0
  m_IsActive: 1
--- !u!4 &9096905625054976984
Transform:
  m_ObjectHideFlags: 0
  m_CorrespondingSourceObject: {fileID: 0}
  m_PrefabInstance: {fileID: 0}
  m_PrefabAsset: {fileID: 0}
  m_GameObject: {fileID: 9096905625054480376}
  m_LocalRotation: {x: 0, y: 0, z: 0, w: 1}
  m_LocalPosition: {x: 0, y: 0, z: 0}
  m_LocalScale: {x: 1, y: 1, z: 1}
  m_ConstrainProportionsScale: 0
  m_Children:
  - {fileID: 1168104367519144246}
  - {fileID: 1155175188}
  - {fileID: 1642858040}
  m_Father: {fileID: 9096905625054904988}
  m_RootOrder: 1
  m_LocalEulerAnglesHint: {x: 0, y: 0, z: 0}
--- !u!81 &9096905625058286074
AudioListener:
  m_ObjectHideFlags: 0
  m_CorrespondingSourceObject: {fileID: 0}
  m_PrefabInstance: {fileID: 0}
  m_PrefabAsset: {fileID: 0}
  m_GameObject: {fileID: 9096905625054480376}
  m_Enabled: 1
--- !u!20 &9096905625056482306
Camera:
  m_ObjectHideFlags: 0
  m_CorrespondingSourceObject: {fileID: 0}
  m_PrefabInstance: {fileID: 0}
  m_PrefabAsset: {fileID: 0}
  m_GameObject: {fileID: 9096905625054480376}
  m_Enabled: 1
  serializedVersion: 2
  m_ClearFlags: 1
  m_BackGroundColor: {r: 0.19215687, g: 0.3019608, b: 0.4745098, a: 0.019607844}
  m_projectionMatrixMode: 1
  m_GateFitMode: 2
  m_FOVAxisMode: 0
  m_SensorSize: {x: 36, y: 24}
  m_LensShift: {x: 0, y: 0}
  m_FocalLength: 50
  m_NormalizedViewPortRect:
    serializedVersion: 2
    x: 0
    y: 0
    width: 1
    height: 1
  near clip plane: 0.1
  far clip plane: 1000
  field of view: 90
  orthographic: 0
  orthographic size: 5
  m_Depth: 0
  m_CullingMask:
    serializedVersion: 2
    m_Bits: 4294967295
  m_RenderingPath: -1
  m_TargetTexture: {fileID: 0}
  m_TargetDisplay: 0
  m_TargetEye: 3
  m_HDR: 0
  m_AllowMSAA: 1
  m_AllowDynamicResolution: 0
  m_ForceIntoRT: 0
  m_OcclusionCulling: 1
  m_StereoConvergence: 10
  m_StereoSeparation: 0.022
--- !u!114 &939016160465221315
MonoBehaviour:
  m_ObjectHideFlags: 0
  m_CorrespondingSourceObject: {fileID: 0}
  m_PrefabInstance: {fileID: 0}
  m_PrefabAsset: {fileID: 0}
  m_GameObject: {fileID: 9096905625054480376}
  m_Enabled: 1
  m_EditorHideFlags: 0
  m_Script: {fileID: 11500000, guid: 9872b9b83ab34a64493a544327746c08, type: 3}
  m_Name: 
  m_EditorClassIdentifier: 
  viewMode: -1
  defaultColor: {r: 1, g: 0, b: 0, a: 1}
  defaultHitColor: {r: 0, g: 1, b: 0, a: 1}
  defaultMaterial: {fileID: 2100000, guid: 5617eb93d6ef5294199361e0d5b206df, type: 2}
--- !u!1 &9096905625054480378
GameObject:
  m_ObjectHideFlags: 0
  m_CorrespondingSourceObject: {fileID: 0}
  m_PrefabInstance: {fileID: 0}
  m_PrefabAsset: {fileID: 0}
  serializedVersion: 6
  m_Component:
  - component: {fileID: 9096905625054976986}
  - component: {fileID: 9113524850109494348}
  m_Layer: 0
  m_Name: RightEyeAnchor
  m_TagString: Untagged
  m_Icon: {fileID: 0}
  m_NavMeshLayer: 0
  m_StaticEditorFlags: 0
  m_IsActive: 1
--- !u!4 &9096905625054976986
Transform:
  m_ObjectHideFlags: 0
  m_CorrespondingSourceObject: {fileID: 0}
  m_PrefabInstance: {fileID: 0}
  m_PrefabAsset: {fileID: 0}
  m_GameObject: {fileID: 9096905625054480378}
  m_LocalRotation: {x: 0, y: 0, z: 0, w: 1}
  m_LocalPosition: {x: 0, y: 0, z: 0}
  m_LocalScale: {x: 1, y: 1, z: 1}
  m_ConstrainProportionsScale: 0
  m_Children: []
  m_Father: {fileID: 9096905625054904988}
  m_RootOrder: 2
  m_LocalEulerAnglesHint: {x: 0, y: 0, z: 0}
--- !u!20 &9113524850109494348
Camera:
  m_ObjectHideFlags: 0
  m_CorrespondingSourceObject: {fileID: 0}
  m_PrefabInstance: {fileID: 0}
  m_PrefabAsset: {fileID: 0}
  m_GameObject: {fileID: 9096905625054480378}
  m_Enabled: 0
  serializedVersion: 2
  m_ClearFlags: 1
  m_BackGroundColor: {r: 0.19215687, g: 0.3019608, b: 0.4745098, a: 0}
  m_projectionMatrixMode: 1
  m_GateFitMode: 2
  m_FOVAxisMode: 0
  m_SensorSize: {x: 36, y: 24}
  m_LensShift: {x: 0, y: 0}
  m_FocalLength: 50
  m_NormalizedViewPortRect:
    serializedVersion: 2
    x: 0
    y: 0
    width: 1
    height: 1
  near clip plane: 0.3
  far clip plane: 1000
  field of view: 60
  orthographic: 0
  orthographic size: 5
  m_Depth: 0
  m_CullingMask:
    serializedVersion: 2
    m_Bits: 4294967295
  m_RenderingPath: -1
  m_TargetTexture: {fileID: 0}
  m_TargetDisplay: 0
  m_TargetEye: 2
  m_HDR: 0
  m_AllowMSAA: 1
  m_AllowDynamicResolution: 0
  m_ForceIntoRT: 0
  m_OcclusionCulling: 1
  m_StereoConvergence: 10
  m_StereoSeparation: 0.022
--- !u!1 &9096905625054480380
GameObject:
  m_ObjectHideFlags: 0
  m_CorrespondingSourceObject: {fileID: 0}
  m_PrefabInstance: {fileID: 0}
  m_PrefabAsset: {fileID: 0}
  serializedVersion: 6
  m_Component:
  - component: {fileID: 9096905625054976988}
  - component: {fileID: 9113524847812897750}
  m_Layer: 0
  m_Name: LeftEyeAnchor
  m_TagString: MainCamera
  m_Icon: {fileID: 0}
  m_NavMeshLayer: 0
  m_StaticEditorFlags: 0
  m_IsActive: 1
--- !u!4 &9096905625054976988
Transform:
  m_ObjectHideFlags: 0
  m_CorrespondingSourceObject: {fileID: 0}
  m_PrefabInstance: {fileID: 0}
  m_PrefabAsset: {fileID: 0}
  m_GameObject: {fileID: 9096905625054480380}
  m_LocalRotation: {x: 0, y: 0, z: 0, w: 1}
  m_LocalPosition: {x: 0, y: 0, z: 0}
  m_LocalScale: {x: 1, y: 1, z: 1}
  m_ConstrainProportionsScale: 0
  m_Children: []
  m_Father: {fileID: 9096905625054904988}
  m_RootOrder: 0
  m_LocalEulerAnglesHint: {x: 0, y: 0, z: 0}
--- !u!20 &9113524847812897750
Camera:
  m_ObjectHideFlags: 0
  m_CorrespondingSourceObject: {fileID: 0}
  m_PrefabInstance: {fileID: 0}
  m_PrefabAsset: {fileID: 0}
  m_GameObject: {fileID: 9096905625054480380}
  m_Enabled: 0
  serializedVersion: 2
  m_ClearFlags: 1
  m_BackGroundColor: {r: 0.19215687, g: 0.3019608, b: 0.4745098, a: 0}
  m_projectionMatrixMode: 1
  m_GateFitMode: 2
  m_FOVAxisMode: 0
  m_SensorSize: {x: 36, y: 24}
  m_LensShift: {x: 0, y: 0}
  m_FocalLength: 50
  m_NormalizedViewPortRect:
    serializedVersion: 2
    x: 0
    y: 0
    width: 1
    height: 1
  near clip plane: 0.3
  far clip plane: 1000
  field of view: 60
  orthographic: 0
  orthographic size: 5
  m_Depth: 0
  m_CullingMask:
    serializedVersion: 2
    m_Bits: 4294967295
  m_RenderingPath: -1
  m_TargetTexture: {fileID: 0}
  m_TargetDisplay: 0
  m_TargetEye: 1
  m_HDR: 0
  m_AllowMSAA: 1
  m_AllowDynamicResolution: 0
  m_ForceIntoRT: 0
  m_OcclusionCulling: 1
  m_StereoConvergence: 10
  m_StereoSeparation: 0.022
--- !u!1 &9096905625054480382
GameObject:
  m_ObjectHideFlags: 0
  m_CorrespondingSourceObject: {fileID: 0}
  m_PrefabInstance: {fileID: 0}
  m_PrefabAsset: {fileID: 0}
  serializedVersion: 6
  m_Component:
  - component: {fileID: 9096905625054976990}
  - component: {fileID: 9096905625044808208}
  - component: {fileID: 9096905625044808218}
  - component: {fileID: 9198606240918103390}
  m_Layer: 0
  m_Name: User
  m_TagString: Untagged
  m_Icon: {fileID: 0}
  m_NavMeshLayer: 0
  m_StaticEditorFlags: 0
  m_IsActive: 1
--- !u!4 &9096905625054976990
Transform:
  m_ObjectHideFlags: 0
  m_CorrespondingSourceObject: {fileID: 0}
  m_PrefabInstance: {fileID: 0}
  m_PrefabAsset: {fileID: 0}
  m_GameObject: {fileID: 9096905625054480382}
  m_LocalRotation: {x: 0, y: 0, z: 0, w: 1}
  m_LocalPosition: {x: 0, y: 0, z: 0}
  m_LocalScale: {x: 1, y: 1, z: 1}
  m_ConstrainProportionsScale: 0
  m_Children:
  - {fileID: 9096905625054904988}
  m_Father: {fileID: 0}
  m_RootOrder: 0
  m_LocalEulerAnglesHint: {x: 0, y: 0, z: 0}
--- !u!114 &9096905625044808208
MonoBehaviour:
  m_ObjectHideFlags: 0
  m_CorrespondingSourceObject: {fileID: 0}
  m_PrefabInstance: {fileID: 0}
  m_PrefabAsset: {fileID: 0}
  m_GameObject: {fileID: 9096905625054480382}
  m_Enabled: 1
  m_EditorHideFlags: 0
  m_Script: {fileID: 11500000, guid: df9f338034892c44ebb62d97894772f1, type: 3}
  m_Name: 
  m_EditorClassIdentifier: 
  usePerEyeCameras: 0
  useFixedUpdateForTracking: 0
  disableEyeAnchorCameras: 0
--- !u!114 &9096905625044808218
MonoBehaviour:
  m_ObjectHideFlags: 0
  m_CorrespondingSourceObject: {fileID: 0}
  m_PrefabInstance: {fileID: 0}
  m_PrefabAsset: {fileID: 0}
  m_GameObject: {fileID: 9096905625054480382}
  m_Enabled: 1
  m_EditorHideFlags: 0
  m_Script: {fileID: 11500000, guid: 7e933e81d3c20c74ea6fdc708a67e3a5, type: 3}
  m_Name: 
  m_EditorClassIdentifier: 
  useRecommendedMSAALevel: 1
  _monoscopic: 0
  _colorGamut: 6
  minRenderScale: 0.7
  maxRenderScale: 1
  _headPoseRelativeOffsetRotation: {x: 0, y: 0, z: 0}
  _headPoseRelativeOffsetTranslation: {x: 0, y: 0, z: 0}
  profilerTcpPort: 32419
  expandMixedRealityCapturePropertySheet: 0
  enableMixedReality: 0
  compositionMethod: 0
  extraHiddenLayers:
    serializedVersion: 2
    m_Bits: 0
  extraVisibleLayers:
    serializedVersion: 2
    m_Bits: 0
  dynamicCullingMask: 1
  externalCompositionBackdropColorRift: {r: 0, g: 1, b: 0, a: 1}
  externalCompositionBackdropColorQuest: {r: 0, g: 0, b: 0, a: 0}
  capturingCameraDevice: 0
  flipCameraFrameHorizontally: 0
  flipCameraFrameVertically: 0
  handPoseStateLatency: 0
  sandwichCompositionRenderLatency: 0
  sandwichCompositionBufferedFrames: 8
  chromaKeyColor: {r: 0, g: 1, b: 0, a: 1}
  chromaKeySimilarity: 0.6
  chromaKeySmoothRange: 0.03
  chromaKeySpillRange: 0.06
  useDynamicLighting: 0
  depthQuality: 1
  dynamicLightingSmoothFactor: 8
  dynamicLightingDepthVariationClampingValue: 0.001
  virtualGreenScreenType: 0
  virtualGreenScreenTopY: 10
  virtualGreenScreenBottomY: -10
  virtualGreenScreenApplyDepthCulling: 0
  virtualGreenScreenDepthTolerance: 0.2
  mrcActivationMode: 0
  isInsightPassthroughEnabled: 0
  _trackingOriginType: 1
  usePositionTracking: 1
  useRotationTracking: 1
  useIPDInPositionTracking: 1
  resetTrackerOnLoad: 0
  AllowRecenter: 1
  LateControllerUpdate: 1
--- !u!114 &9198606240918103390
MonoBehaviour:
  m_ObjectHideFlags: 0
  m_CorrespondingSourceObject: {fileID: 0}
  m_PrefabInstance: {fileID: 0}
  m_PrefabAsset: {fileID: 0}
  m_GameObject: {fileID: 9096905625054480382}
  m_Enabled: 1
  m_EditorHideFlags: 0
  m_Script: {fileID: 11500000, guid: 5178bc8574ce2bf4388e787a2e2af326, type: 3}
  m_Name: 
  m_EditorClassIdentifier: 
  opMode: 1
  resetHmdPoseOnRelease: 1
  resetHmdPoseByMiddleMouseButton: 1
  activateKeys: 3201000031010000
  pitchKeys: 3401000033010000
--- !u!1 &9096905625054489510
GameObject:
  m_ObjectHideFlags: 0
  m_CorrespondingSourceObject: {fileID: 0}
  m_PrefabInstance: {fileID: 0}
  m_PrefabAsset: {fileID: 0}
  serializedVersion: 6
  m_Component:
  - component: {fileID: 9096905625054927368}
  m_Layer: 0
  m_Name: LeftHandAnchor
  m_TagString: Untagged
  m_Icon: {fileID: 0}
  m_NavMeshLayer: 0
  m_StaticEditorFlags: 0
  m_IsActive: 1
--- !u!4 &9096905625054927368
Transform:
  m_ObjectHideFlags: 0
  m_CorrespondingSourceObject: {fileID: 0}
  m_PrefabInstance: {fileID: 0}
  m_PrefabAsset: {fileID: 0}
  m_GameObject: {fileID: 9096905625054489510}
  m_LocalRotation: {x: 0, y: 0, z: 0, w: 1}
  m_LocalPosition: {x: 0, y: 0, z: 0}
  m_LocalScale: {x: 1, y: 1, z: 1}
  m_ConstrainProportionsScale: 0
  m_Children:
  - {fileID: 9092453850136394914}
  - {fileID: 4927694424311072}
  m_Father: {fileID: 9096905625054904988}
  m_RootOrder: 4
  m_LocalEulerAnglesHint: {x: 0, y: 0, z: 0}
--- !u!1 &9096905625054494002
GameObject:
  m_ObjectHideFlags: 0
  m_CorrespondingSourceObject: {fileID: 0}
  m_PrefabInstance: {fileID: 0}
  m_PrefabAsset: {fileID: 0}
  serializedVersion: 6
  m_Component:
  - component: {fileID: 9096905625054932492}
  m_Layer: 0
  m_Name: RightHandAnchor
  m_TagString: Untagged
  m_Icon: {fileID: 0}
  m_NavMeshLayer: 0
  m_StaticEditorFlags: 0
  m_IsActive: 1
--- !u!4 &9096905625054932492
Transform:
  m_ObjectHideFlags: 0
  m_CorrespondingSourceObject: {fileID: 0}
  m_PrefabInstance: {fileID: 0}
  m_PrefabAsset: {fileID: 0}
  m_GameObject: {fileID: 9096905625054494002}
  m_LocalRotation: {x: 0, y: 0, z: 0, w: 1}
  m_LocalPosition: {x: 0, y: 0, z: 0}
  m_LocalScale: {x: 1, y: 1, z: 1}
  m_ConstrainProportionsScale: 0
  m_Children:
  - {fileID: 9093152209247312666}
  - {fileID: 4766090875199872}
  m_Father: {fileID: 9096905625054904988}
  m_RootOrder: 5
  m_LocalEulerAnglesHint: {x: 0, y: 0, z: 0}
--- !u!1 &9096905625054679984
GameObject:
  m_ObjectHideFlags: 0
  m_CorrespondingSourceObject: {fileID: 0}
  m_PrefabInstance: {fileID: 0}
  m_PrefabAsset: {fileID: 0}
  serializedVersion: 6
  m_Component:
  - component: {fileID: 9096905625054914448}
  m_Layer: 0
  m_Name: TrackerAnchor
  m_TagString: Untagged
  m_Icon: {fileID: 0}
  m_NavMeshLayer: 0
  m_StaticEditorFlags: 0
  m_IsActive: 1
--- !u!4 &9096905625054914448
Transform:
  m_ObjectHideFlags: 0
  m_CorrespondingSourceObject: {fileID: 0}
  m_PrefabInstance: {fileID: 0}
  m_PrefabAsset: {fileID: 0}
  m_GameObject: {fileID: 9096905625054679984}
  m_LocalRotation: {x: 0, y: 0, z: 0, w: 1}
  m_LocalPosition: {x: 0, y: 0, z: 0}
  m_LocalScale: {x: 1, y: 1, z: 1}
  m_ConstrainProportionsScale: 0
  m_Children: []
  m_Father: {fileID: 9096905625054904988}
  m_RootOrder: 3
  m_LocalEulerAnglesHint: {x: 0, y: 0, z: 0}
--- !u!1 &9096905625054736060
GameObject:
  m_ObjectHideFlags: 0
  m_CorrespondingSourceObject: {fileID: 0}
  m_PrefabInstance: {fileID: 0}
  m_PrefabAsset: {fileID: 0}
  serializedVersion: 6
  m_Component:
  - component: {fileID: 9096905625054904988}
  m_Layer: 0
  m_Name: TrackingSpace
  m_TagString: Untagged
  m_Icon: {fileID: 0}
  m_NavMeshLayer: 0
  m_StaticEditorFlags: 0
  m_IsActive: 1
--- !u!4 &9096905625054904988
Transform:
  m_ObjectHideFlags: 0
  m_CorrespondingSourceObject: {fileID: 0}
  m_PrefabInstance: {fileID: 0}
  m_PrefabAsset: {fileID: 0}
  m_GameObject: {fileID: 9096905625054736060}
  m_LocalRotation: {x: 0, y: 0, z: 0, w: 1}
  m_LocalPosition: {x: 0, y: 0, z: 0}
  m_LocalScale: {x: 1, y: 1, z: 1}
  m_ConstrainProportionsScale: 0
  m_Children:
  - {fileID: 9096905625054976988}
  - {fileID: 9096905625054976984}
  - {fileID: 9096905625054976986}
  - {fileID: 9096905625054914448}
  - {fileID: 9096905625054927368}
  - {fileID: 9096905625054932492}
  m_Father: {fileID: 9096905625054976990}
  m_RootOrder: 0
  m_LocalEulerAnglesHint: {x: 0, y: 0, z: 0}
--- !u!1001 &2204798759294692352
PrefabInstance:
  m_ObjectHideFlags: 0
  serializedVersion: 2
  m_Modification:
    m_TransformParent: {fileID: 9096905625054976984}
    m_Modifications:
    - target: {fileID: 48259061970258719, guid: ef591c84d5c9ed641892aebfcb534a70,
        type: 3}
      propertyPath: head
      value: 
      objectReference: {fileID: 9096905625054976984}
    - target: {fileID: 1057488782962783542, guid: ef591c84d5c9ed641892aebfcb534a70,
        type: 3}
      propertyPath: m_RootOrder
      value: 0
      objectReference: {fileID: 0}
    - target: {fileID: 1057488782962783542, guid: ef591c84d5c9ed641892aebfcb534a70,
        type: 3}
      propertyPath: m_LocalPosition.x
      value: 0
      objectReference: {fileID: 0}
    - target: {fileID: 1057488782962783542, guid: ef591c84d5c9ed641892aebfcb534a70,
        type: 3}
      propertyPath: m_LocalPosition.y
      value: 0
      objectReference: {fileID: 0}
    - target: {fileID: 1057488782962783542, guid: ef591c84d5c9ed641892aebfcb534a70,
        type: 3}
      propertyPath: m_LocalPosition.z
      value: 0
      objectReference: {fileID: 0}
    - target: {fileID: 1057488782962783542, guid: ef591c84d5c9ed641892aebfcb534a70,
        type: 3}
      propertyPath: m_LocalRotation.w
      value: 1
      objectReference: {fileID: 0}
    - target: {fileID: 1057488782962783542, guid: ef591c84d5c9ed641892aebfcb534a70,
        type: 3}
      propertyPath: m_LocalRotation.x
      value: 0
      objectReference: {fileID: 0}
    - target: {fileID: 1057488782962783542, guid: ef591c84d5c9ed641892aebfcb534a70,
        type: 3}
      propertyPath: m_LocalRotation.y
      value: 0
      objectReference: {fileID: 0}
    - target: {fileID: 1057488782962783542, guid: ef591c84d5c9ed641892aebfcb534a70,
        type: 3}
      propertyPath: m_LocalRotation.z
      value: 0
      objectReference: {fileID: 0}
    - target: {fileID: 1057488782962783542, guid: ef591c84d5c9ed641892aebfcb534a70,
        type: 3}
      propertyPath: m_LocalEulerAnglesHint.x
      value: 0
      objectReference: {fileID: 0}
    - target: {fileID: 1057488782962783542, guid: ef591c84d5c9ed641892aebfcb534a70,
        type: 3}
      propertyPath: m_LocalEulerAnglesHint.y
      value: 0
      objectReference: {fileID: 0}
    - target: {fileID: 1057488782962783542, guid: ef591c84d5c9ed641892aebfcb534a70,
        type: 3}
      propertyPath: m_LocalEulerAnglesHint.z
      value: 0
      objectReference: {fileID: 0}
    - target: {fileID: 8421810879482278672, guid: ef591c84d5c9ed641892aebfcb534a70,
        type: 3}
      propertyPath: m_Name
      value: Shoulders
      objectReference: {fileID: 0}
    m_RemovedComponents: []
  m_SourcePrefab: {fileID: 100100000, guid: ef591c84d5c9ed641892aebfcb534a70, type: 3}
--- !u!4 &1168104367519144246 stripped
Transform:
  m_CorrespondingSourceObject: {fileID: 1057488782962783542, guid: ef591c84d5c9ed641892aebfcb534a70,
    type: 3}
  m_PrefabInstance: {fileID: 2204798759294692352}
  m_PrefabAsset: {fileID: 0}
--- !u!4 &5016314201684864323 stripped
Transform:
  m_CorrespondingSourceObject: {fileID: 6558512067556868419, guid: ef591c84d5c9ed641892aebfcb534a70,
    type: 3}
  m_PrefabInstance: {fileID: 2204798759294692352}
  m_PrefabAsset: {fileID: 0}
--- !u!4 &7666158857164963018 stripped
Transform:
  m_CorrespondingSourceObject: {fileID: 8429241067759685834, guid: ef591c84d5c9ed641892aebfcb534a70,
    type: 3}
  m_PrefabInstance: {fileID: 2204798759294692352}
  m_PrefabAsset: {fileID: 0}
--- !u!1001 &4090402747095964523
PrefabInstance:
  m_ObjectHideFlags: 0
  serializedVersion: 2
  m_Modification:
    m_TransformParent: {fileID: 9096905625054976984}
    m_Modifications:
    - target: {fileID: 2984575065540329920, guid: 9c37982a5c7706344ad1990cc2ef507b,
        type: 3}
      propertyPath: m_LocalPosition.y
      value: 0
      objectReference: {fileID: 0}
    - target: {fileID: 2984575065540329920, guid: 9c37982a5c7706344ad1990cc2ef507b,
        type: 3}
      propertyPath: m_LocalPosition.z
      value: 0
      objectReference: {fileID: 0}
    - target: {fileID: 2984575065540329920, guid: 9c37982a5c7706344ad1990cc2ef507b,
        type: 3}
      propertyPath: m_LocalRotation.w
      value: 1
      objectReference: {fileID: 0}
    - target: {fileID: 2984575065540329920, guid: 9c37982a5c7706344ad1990cc2ef507b,
        type: 3}
      propertyPath: m_LocalRotation.x
      value: 0
      objectReference: {fileID: 0}
    - target: {fileID: 2984575065540329920, guid: 9c37982a5c7706344ad1990cc2ef507b,
        type: 3}
      propertyPath: m_LocalRotation.y
      value: 0
      objectReference: {fileID: 0}
    - target: {fileID: 2984575065540329920, guid: 9c37982a5c7706344ad1990cc2ef507b,
        type: 3}
      propertyPath: m_LocalRotation.z
      value: 0
      objectReference: {fileID: 0}
    - target: {fileID: 4090402746077104248, guid: 9c37982a5c7706344ad1990cc2ef507b,
        type: 3}
      propertyPath: m_Name
      value: L_HandPoser
      objectReference: {fileID: 0}
    - target: {fileID: 4090402746077104253, guid: 9c37982a5c7706344ad1990cc2ef507b,
        type: 3}
      propertyPath: wristJoint
      value: 
      objectReference: {fileID: 1274325824273308331}
    - target: {fileID: 4090402746077104253, guid: 9c37982a5c7706344ad1990cc2ef507b,
        type: 3}
      propertyPath: ringJoints.Array.data[0]
      value: 
      objectReference: {fileID: 4872866192118614144}
    - target: {fileID: 4090402746077104253, guid: 9c37982a5c7706344ad1990cc2ef507b,
        type: 3}
      propertyPath: ringJoints.Array.data[1]
      value: 
      objectReference: {fileID: 7614037980009070389}
    - target: {fileID: 4090402746077104253, guid: 9c37982a5c7706344ad1990cc2ef507b,
        type: 3}
      propertyPath: ringJoints.Array.data[2]
      value: 
      objectReference: {fileID: 1089736629409907466}
    - target: {fileID: 4090402746077104253, guid: 9c37982a5c7706344ad1990cc2ef507b,
        type: 3}
      propertyPath: ringJoints.Array.data[3]
      value: 
      objectReference: {fileID: 2677483604899414880}
    - target: {fileID: 4090402746077104253, guid: 9c37982a5c7706344ad1990cc2ef507b,
        type: 3}
      propertyPath: indexJoints.Array.data[0]
      value: 
      objectReference: {fileID: 3041716576685157870}
    - target: {fileID: 4090402746077104253, guid: 9c37982a5c7706344ad1990cc2ef507b,
        type: 3}
      propertyPath: indexJoints.Array.data[1]
      value: 
      objectReference: {fileID: 6962721163588219102}
    - target: {fileID: 4090402746077104253, guid: 9c37982a5c7706344ad1990cc2ef507b,
        type: 3}
      propertyPath: indexJoints.Array.data[2]
      value: 
      objectReference: {fileID: 431559664460094112}
    - target: {fileID: 4090402746077104253, guid: 9c37982a5c7706344ad1990cc2ef507b,
        type: 3}
      propertyPath: indexJoints.Array.data[3]
      value: 
      objectReference: {fileID: 7899124037275200135}
    - target: {fileID: 4090402746077104253, guid: 9c37982a5c7706344ad1990cc2ef507b,
        type: 3}
      propertyPath: pinkyJoints.Array.data[0]
      value: 
      objectReference: {fileID: 6393110456998803184}
    - target: {fileID: 4090402746077104253, guid: 9c37982a5c7706344ad1990cc2ef507b,
        type: 3}
      propertyPath: pinkyJoints.Array.data[1]
      value: 
      objectReference: {fileID: 3293691917689052178}
    - target: {fileID: 4090402746077104253, guid: 9c37982a5c7706344ad1990cc2ef507b,
        type: 3}
      propertyPath: pinkyJoints.Array.data[2]
      value: 
      objectReference: {fileID: 1607986688097028976}
    - target: {fileID: 4090402746077104253, guid: 9c37982a5c7706344ad1990cc2ef507b,
        type: 3}
      propertyPath: pinkyJoints.Array.data[3]
      value: 
      objectReference: {fileID: 3951902665552057363}
    - target: {fileID: 4090402746077104253, guid: 9c37982a5c7706344ad1990cc2ef507b,
        type: 3}
      propertyPath: pinkyJoints.Array.data[4]
      value: 
      objectReference: {fileID: 6381916476289000142}
    - target: {fileID: 4090402746077104253, guid: 9c37982a5c7706344ad1990cc2ef507b,
        type: 3}
      propertyPath: thumbJoints.Array.data[0]
      value: 
      objectReference: {fileID: 1402182292301013066}
    - target: {fileID: 4090402746077104253, guid: 9c37982a5c7706344ad1990cc2ef507b,
        type: 3}
      propertyPath: thumbJoints.Array.data[1]
      value: 
      objectReference: {fileID: 1587848028463433310}
    - target: {fileID: 4090402746077104253, guid: 9c37982a5c7706344ad1990cc2ef507b,
        type: 3}
      propertyPath: thumbJoints.Array.data[2]
      value: 
      objectReference: {fileID: 5201684767549450025}
    - target: {fileID: 4090402746077104253, guid: 9c37982a5c7706344ad1990cc2ef507b,
        type: 3}
      propertyPath: thumbJoints.Array.data[3]
      value: 
      objectReference: {fileID: 4366904389272758729}
    - target: {fileID: 4090402746077104253, guid: 9c37982a5c7706344ad1990cc2ef507b,
        type: 3}
      propertyPath: thumbJoints.Array.data[4]
      value: 
      objectReference: {fileID: 4574892733614911119}
    - target: {fileID: 4090402746077104253, guid: 9c37982a5c7706344ad1990cc2ef507b,
        type: 3}
      propertyPath: middleJoints.Array.data[0]
      value: 
      objectReference: {fileID: 3604036209533268236}
    - target: {fileID: 4090402746077104253, guid: 9c37982a5c7706344ad1990cc2ef507b,
        type: 3}
      propertyPath: middleJoints.Array.data[1]
      value: 
      objectReference: {fileID: 2757792844479460437}
    - target: {fileID: 4090402746077104253, guid: 9c37982a5c7706344ad1990cc2ef507b,
        type: 3}
      propertyPath: middleJoints.Array.data[2]
      value: 
      objectReference: {fileID: 764295323958611693}
    - target: {fileID: 4090402746077104253, guid: 9c37982a5c7706344ad1990cc2ef507b,
        type: 3}
      propertyPath: middleJoints.Array.data[3]
      value: 
      objectReference: {fileID: 6875972414396543399}
    - target: {fileID: 4090402746077104254, guid: 9c37982a5c7706344ad1990cc2ef507b,
        type: 3}
      propertyPath: sourceHand
      value: 
      objectReference: {fileID: 1367617400469283}
    - target: {fileID: 4090402746077104254, guid: 9c37982a5c7706344ad1990cc2ef507b,
        type: 3}
      propertyPath: updateWrist
      value: 1
      objectReference: {fileID: 0}
    - target: {fileID: 4090402746077104254, guid: 9c37982a5c7706344ad1990cc2ef507b,
        type: 3}
      propertyPath: jointPairsList.Array.data[0].sourceBones.Array.size
      value: 5
      objectReference: {fileID: 0}
    - target: {fileID: 4090402746077104254, guid: 9c37982a5c7706344ad1990cc2ef507b,
        type: 3}
      propertyPath: jointPairsList.Array.data[1].sourceBones.Array.size
      value: 4
      objectReference: {fileID: 0}
    - target: {fileID: 4090402746077104254, guid: 9c37982a5c7706344ad1990cc2ef507b,
        type: 3}
      propertyPath: jointPairsList.Array.data[2].sourceBones.Array.size
      value: 4
      objectReference: {fileID: 0}
    - target: {fileID: 4090402746077104254, guid: 9c37982a5c7706344ad1990cc2ef507b,
        type: 3}
      propertyPath: jointPairsList.Array.data[3].sourceBones.Array.size
      value: 4
      objectReference: {fileID: 0}
    - target: {fileID: 4090402746077104254, guid: 9c37982a5c7706344ad1990cc2ef507b,
        type: 3}
      propertyPath: jointPairsList.Array.data[4].sourceBones.Array.size
      value: 5
      objectReference: {fileID: 0}
    - target: {fileID: 4090402746077104254, guid: 9c37982a5c7706344ad1990cc2ef507b,
        type: 3}
      propertyPath: jointPairsList.Array.data[0].sourceBones.Array.data[0]
      value: 
      objectReference: {fileID: 4789457144752766}
    - target: {fileID: 4090402746077104254, guid: 9c37982a5c7706344ad1990cc2ef507b,
        type: 3}
      propertyPath: jointPairsList.Array.data[0].sourceBones.Array.data[1]
      value: 
      objectReference: {fileID: 4771060807580338}
    - target: {fileID: 4090402746077104254, guid: 9c37982a5c7706344ad1990cc2ef507b,
        type: 3}
      propertyPath: jointPairsList.Array.data[0].sourceBones.Array.data[2]
      value: 
      objectReference: {fileID: 4511282882937494}
    - target: {fileID: 4090402746077104254, guid: 9c37982a5c7706344ad1990cc2ef507b,
        type: 3}
      propertyPath: jointPairsList.Array.data[0].sourceBones.Array.data[3]
      value: 
      objectReference: {fileID: 4542833457826408}
    - target: {fileID: 4090402746077104254, guid: 9c37982a5c7706344ad1990cc2ef507b,
        type: 3}
      propertyPath: jointPairsList.Array.data[0].sourceBones.Array.data[4]
      value: 
      objectReference: {fileID: 4833923138724488}
    - target: {fileID: 4090402746077104254, guid: 9c37982a5c7706344ad1990cc2ef507b,
        type: 3}
      propertyPath: jointPairsList.Array.data[0].targetBones.Array.data[0]
      value: 
      objectReference: {fileID: 1402182292301013066}
    - target: {fileID: 4090402746077104254, guid: 9c37982a5c7706344ad1990cc2ef507b,
        type: 3}
      propertyPath: jointPairsList.Array.data[0].targetBones.Array.data[1]
      value: 
      objectReference: {fileID: 1587848028463433310}
    - target: {fileID: 4090402746077104254, guid: 9c37982a5c7706344ad1990cc2ef507b,
        type: 3}
      propertyPath: jointPairsList.Array.data[0].targetBones.Array.data[2]
      value: 
      objectReference: {fileID: 5201684767549450025}
    - target: {fileID: 4090402746077104254, guid: 9c37982a5c7706344ad1990cc2ef507b,
        type: 3}
      propertyPath: jointPairsList.Array.data[0].targetBones.Array.data[3]
      value: 
      objectReference: {fileID: 4366904389272758729}
    - target: {fileID: 4090402746077104254, guid: 9c37982a5c7706344ad1990cc2ef507b,
        type: 3}
      propertyPath: jointPairsList.Array.data[0].targetBones.Array.data[4]
      value: 
      objectReference: {fileID: 4574892733614911119}
    - target: {fileID: 4090402746077104254, guid: 9c37982a5c7706344ad1990cc2ef507b,
        type: 3}
      propertyPath: jointPairsList.Array.data[1].sourceBones.Array.data[0]
      value: 
      objectReference: {fileID: 4178102362052054}
    - target: {fileID: 4090402746077104254, guid: 9c37982a5c7706344ad1990cc2ef507b,
        type: 3}
      propertyPath: jointPairsList.Array.data[1].sourceBones.Array.data[1]
      value: 
      objectReference: {fileID: 4439640245176708}
    - target: {fileID: 4090402746077104254, guid: 9c37982a5c7706344ad1990cc2ef507b,
        type: 3}
      propertyPath: jointPairsList.Array.data[1].sourceBones.Array.data[2]
      value: 
      objectReference: {fileID: 4524811139030408}
    - target: {fileID: 4090402746077104254, guid: 9c37982a5c7706344ad1990cc2ef507b,
        type: 3}
      propertyPath: jointPairsList.Array.data[1].sourceBones.Array.data[3]
      value: 
      objectReference: {fileID: 4297029693385870}
    - target: {fileID: 4090402746077104254, guid: 9c37982a5c7706344ad1990cc2ef507b,
        type: 3}
      propertyPath: jointPairsList.Array.data[1].targetBones.Array.data[0]
      value: 
      objectReference: {fileID: 3041716576685157870}
    - target: {fileID: 4090402746077104254, guid: 9c37982a5c7706344ad1990cc2ef507b,
        type: 3}
      propertyPath: jointPairsList.Array.data[1].targetBones.Array.data[1]
      value: 
      objectReference: {fileID: 6962721163588219102}
    - target: {fileID: 4090402746077104254, guid: 9c37982a5c7706344ad1990cc2ef507b,
        type: 3}
      propertyPath: jointPairsList.Array.data[1].targetBones.Array.data[2]
      value: 
      objectReference: {fileID: 431559664460094112}
    - target: {fileID: 4090402746077104254, guid: 9c37982a5c7706344ad1990cc2ef507b,
        type: 3}
      propertyPath: jointPairsList.Array.data[1].targetBones.Array.data[3]
      value: 
      objectReference: {fileID: 7899124037275200135}
    - target: {fileID: 4090402746077104254, guid: 9c37982a5c7706344ad1990cc2ef507b,
        type: 3}
      propertyPath: jointPairsList.Array.data[2].sourceBones.Array.data[0]
      value: 
      objectReference: {fileID: 4515131606556820}
    - target: {fileID: 4090402746077104254, guid: 9c37982a5c7706344ad1990cc2ef507b,
        type: 3}
      propertyPath: jointPairsList.Array.data[2].sourceBones.Array.data[1]
      value: 
      objectReference: {fileID: 4345738757847920}
    - target: {fileID: 4090402746077104254, guid: 9c37982a5c7706344ad1990cc2ef507b,
        type: 3}
      propertyPath: jointPairsList.Array.data[2].sourceBones.Array.data[2]
      value: 
      objectReference: {fileID: 4699508940090868}
    - target: {fileID: 4090402746077104254, guid: 9c37982a5c7706344ad1990cc2ef507b,
        type: 3}
      propertyPath: jointPairsList.Array.data[2].sourceBones.Array.data[3]
      value: 
      objectReference: {fileID: 4647966278280142}
    - target: {fileID: 4090402746077104254, guid: 9c37982a5c7706344ad1990cc2ef507b,
        type: 3}
      propertyPath: jointPairsList.Array.data[2].targetBones.Array.data[0]
      value: 
      objectReference: {fileID: 3604036209533268236}
    - target: {fileID: 4090402746077104254, guid: 9c37982a5c7706344ad1990cc2ef507b,
        type: 3}
      propertyPath: jointPairsList.Array.data[2].targetBones.Array.data[1]
      value: 
      objectReference: {fileID: 2757792844479460437}
    - target: {fileID: 4090402746077104254, guid: 9c37982a5c7706344ad1990cc2ef507b,
        type: 3}
      propertyPath: jointPairsList.Array.data[2].targetBones.Array.data[2]
      value: 
      objectReference: {fileID: 764295323958611693}
    - target: {fileID: 4090402746077104254, guid: 9c37982a5c7706344ad1990cc2ef507b,
        type: 3}
      propertyPath: jointPairsList.Array.data[2].targetBones.Array.data[3]
      value: 
      objectReference: {fileID: 6875972414396543399}
    - target: {fileID: 4090402746077104254, guid: 9c37982a5c7706344ad1990cc2ef507b,
        type: 3}
      propertyPath: jointPairsList.Array.data[3].sourceBones.Array.data[0]
      value: 
      objectReference: {fileID: 4876269812151094}
    - target: {fileID: 4090402746077104254, guid: 9c37982a5c7706344ad1990cc2ef507b,
        type: 3}
      propertyPath: jointPairsList.Array.data[3].sourceBones.Array.data[1]
      value: 
      objectReference: {fileID: 4837604575484452}
    - target: {fileID: 4090402746077104254, guid: 9c37982a5c7706344ad1990cc2ef507b,
        type: 3}
      propertyPath: jointPairsList.Array.data[3].sourceBones.Array.data[2]
      value: 
      objectReference: {fileID: 4319936944652402}
    - target: {fileID: 4090402746077104254, guid: 9c37982a5c7706344ad1990cc2ef507b,
        type: 3}
      propertyPath: jointPairsList.Array.data[3].sourceBones.Array.data[3]
      value: 
      objectReference: {fileID: 4104996159571036}
    - target: {fileID: 4090402746077104254, guid: 9c37982a5c7706344ad1990cc2ef507b,
        type: 3}
      propertyPath: jointPairsList.Array.data[3].targetBones.Array.data[0]
      value: 
      objectReference: {fileID: 4872866192118614144}
    - target: {fileID: 4090402746077104254, guid: 9c37982a5c7706344ad1990cc2ef507b,
        type: 3}
      propertyPath: jointPairsList.Array.data[3].targetBones.Array.data[1]
      value: 
      objectReference: {fileID: 7614037980009070389}
    - target: {fileID: 4090402746077104254, guid: 9c37982a5c7706344ad1990cc2ef507b,
        type: 3}
      propertyPath: jointPairsList.Array.data[3].targetBones.Array.data[2]
      value: 
      objectReference: {fileID: 1089736629409907466}
    - target: {fileID: 4090402746077104254, guid: 9c37982a5c7706344ad1990cc2ef507b,
        type: 3}
      propertyPath: jointPairsList.Array.data[3].targetBones.Array.data[3]
      value: 
      objectReference: {fileID: 2677483604899414880}
    - target: {fileID: 4090402746077104254, guid: 9c37982a5c7706344ad1990cc2ef507b,
        type: 3}
      propertyPath: jointPairsList.Array.data[4].sourceBones.Array.data[0]
      value: 
      objectReference: {fileID: 4559078249937406}
    - target: {fileID: 4090402746077104254, guid: 9c37982a5c7706344ad1990cc2ef507b,
        type: 3}
      propertyPath: jointPairsList.Array.data[4].sourceBones.Array.data[1]
      value: 
      objectReference: {fileID: 4417148771320162}
    - target: {fileID: 4090402746077104254, guid: 9c37982a5c7706344ad1990cc2ef507b,
        type: 3}
      propertyPath: jointPairsList.Array.data[4].sourceBones.Array.data[2]
      value: 
      objectReference: {fileID: 4913291910242050}
    - target: {fileID: 4090402746077104254, guid: 9c37982a5c7706344ad1990cc2ef507b,
        type: 3}
      propertyPath: jointPairsList.Array.data[4].sourceBones.Array.data[3]
      value: 
      objectReference: {fileID: 4204095551816254}
    - target: {fileID: 4090402746077104254, guid: 9c37982a5c7706344ad1990cc2ef507b,
        type: 3}
      propertyPath: jointPairsList.Array.data[4].sourceBones.Array.data[4]
      value: 
      objectReference: {fileID: 4224613918529648}
    - target: {fileID: 4090402746077104254, guid: 9c37982a5c7706344ad1990cc2ef507b,
        type: 3}
      propertyPath: jointPairsList.Array.data[4].targetBones.Array.data[0]
      value: 
      objectReference: {fileID: 6393110456998803184}
    - target: {fileID: 4090402746077104254, guid: 9c37982a5c7706344ad1990cc2ef507b,
        type: 3}
      propertyPath: jointPairsList.Array.data[4].targetBones.Array.data[1]
      value: 
      objectReference: {fileID: 3293691917689052178}
    - target: {fileID: 4090402746077104254, guid: 9c37982a5c7706344ad1990cc2ef507b,
        type: 3}
      propertyPath: jointPairsList.Array.data[4].targetBones.Array.data[2]
      value: 
      objectReference: {fileID: 1607986688097028976}
    - target: {fileID: 4090402746077104254, guid: 9c37982a5c7706344ad1990cc2ef507b,
        type: 3}
      propertyPath: jointPairsList.Array.data[4].targetBones.Array.data[3]
      value: 
      objectReference: {fileID: 3951902665552057363}
    - target: {fileID: 4090402746077104254, guid: 9c37982a5c7706344ad1990cc2ef507b,
        type: 3}
      propertyPath: jointPairsList.Array.data[4].targetBones.Array.data[4]
      value: 
      objectReference: {fileID: 6381916476289000142}
    - target: {fileID: 4090402746077104255, guid: 9c37982a5c7706344ad1990cc2ef507b,
        type: 3}
      propertyPath: m_RootOrder
      value: 1
      objectReference: {fileID: 0}
    - target: {fileID: 4090402746077104255, guid: 9c37982a5c7706344ad1990cc2ef507b,
        type: 3}
      propertyPath: m_LocalPosition.x
      value: -0.15
      objectReference: {fileID: 0}
    - target: {fileID: 4090402746077104255, guid: 9c37982a5c7706344ad1990cc2ef507b,
        type: 3}
      propertyPath: m_LocalPosition.y
      value: 0
      objectReference: {fileID: 0}
    - target: {fileID: 4090402746077104255, guid: 9c37982a5c7706344ad1990cc2ef507b,
        type: 3}
      propertyPath: m_LocalPosition.z
      value: 1.5
      objectReference: {fileID: 0}
    - target: {fileID: 4090402746077104255, guid: 9c37982a5c7706344ad1990cc2ef507b,
        type: 3}
      propertyPath: m_LocalRotation.w
      value: 0.5
      objectReference: {fileID: 0}
    - target: {fileID: 4090402746077104255, guid: 9c37982a5c7706344ad1990cc2ef507b,
        type: 3}
      propertyPath: m_LocalRotation.x
      value: 0.5
      objectReference: {fileID: 0}
    - target: {fileID: 4090402746077104255, guid: 9c37982a5c7706344ad1990cc2ef507b,
        type: 3}
      propertyPath: m_LocalRotation.y
      value: -0.5
      objectReference: {fileID: 0}
    - target: {fileID: 4090402746077104255, guid: 9c37982a5c7706344ad1990cc2ef507b,
        type: 3}
      propertyPath: m_LocalRotation.z
      value: -0.5
      objectReference: {fileID: 0}
    - target: {fileID: 4090402746077104255, guid: 9c37982a5c7706344ad1990cc2ef507b,
        type: 3}
      propertyPath: m_LocalEulerAnglesHint.x
      value: 0
      objectReference: {fileID: 0}
    - target: {fileID: 4090402746077104255, guid: 9c37982a5c7706344ad1990cc2ef507b,
        type: 3}
      propertyPath: m_LocalEulerAnglesHint.y
      value: -90
      objectReference: {fileID: 0}
    - target: {fileID: 4090402746077104255, guid: 9c37982a5c7706344ad1990cc2ef507b,
        type: 3}
      propertyPath: m_LocalEulerAnglesHint.z
      value: -90
      objectReference: {fileID: 0}
    m_RemovedComponents: []
  m_SourcePrefab: {fileID: 100100000, guid: 9c37982a5c7706344ad1990cc2ef507b, type: 3}
--- !u!4 &1155175188 stripped
Transform:
  m_CorrespondingSourceObject: {fileID: 4090402746077104255, guid: 9c37982a5c7706344ad1990cc2ef507b,
    type: 3}
  m_PrefabInstance: {fileID: 4090402747095964523}
  m_PrefabAsset: {fileID: 0}
--- !u!4 &431559664460094112 stripped
Transform:
  m_CorrespondingSourceObject: {fileID: 4411612947452264907, guid: 9c37982a5c7706344ad1990cc2ef507b,
    type: 3}
  m_PrefabInstance: {fileID: 4090402747095964523}
  m_PrefabAsset: {fileID: 0}
--- !u!4 &764295323958611693 stripped
Transform:
  m_CorrespondingSourceObject: {fileID: 3629713473507972486, guid: 9c37982a5c7706344ad1990cc2ef507b,
    type: 3}
  m_PrefabInstance: {fileID: 4090402747095964523}
  m_PrefabAsset: {fileID: 0}
--- !u!4 &1089736629409907466 stripped
Transform:
  m_CorrespondingSourceObject: {fileID: 4024953700410349665, guid: 9c37982a5c7706344ad1990cc2ef507b,
    type: 3}
  m_PrefabInstance: {fileID: 4090402747095964523}
  m_PrefabAsset: {fileID: 0}
--- !u!4 &1274325824273308331 stripped
Transform:
  m_CorrespondingSourceObject: {fileID: 2984575065540329920, guid: 9c37982a5c7706344ad1990cc2ef507b,
    type: 3}
  m_PrefabInstance: {fileID: 4090402747095964523}
  m_PrefabAsset: {fileID: 0}
--- !u!4 &1402182292301013066 stripped
Transform:
  m_CorrespondingSourceObject: {fileID: 3148450437131025185, guid: 9c37982a5c7706344ad1990cc2ef507b,
    type: 3}
  m_PrefabInstance: {fileID: 4090402747095964523}
  m_PrefabAsset: {fileID: 0}
--- !u!4 &1587848028463433310 stripped
Transform:
  m_CorrespondingSourceObject: {fileID: 3372401165759274293, guid: 9c37982a5c7706344ad1990cc2ef507b,
    type: 3}
  m_PrefabInstance: {fileID: 4090402747095964523}
  m_PrefabAsset: {fileID: 0}
--- !u!4 &1607986688097028976 stripped
Transform:
  m_CorrespondingSourceObject: {fileID: 3356502235780173851, guid: 9c37982a5c7706344ad1990cc2ef507b,
    type: 3}
  m_PrefabInstance: {fileID: 4090402747095964523}
  m_PrefabAsset: {fileID: 0}
--- !u!4 &2677483604899414880 stripped
Transform:
  m_CorrespondingSourceObject: {fileID: 2156189063275190283, guid: 9c37982a5c7706344ad1990cc2ef507b,
    type: 3}
  m_PrefabInstance: {fileID: 4090402747095964523}
  m_PrefabAsset: {fileID: 0}
--- !u!4 &2757792844479460437 stripped
Transform:
  m_CorrespondingSourceObject: {fileID: 2198216606530678590, guid: 9c37982a5c7706344ad1990cc2ef507b,
    type: 3}
  m_PrefabInstance: {fileID: 4090402747095964523}
  m_PrefabAsset: {fileID: 0}
--- !u!4 &3041716576685157870 stripped
Transform:
  m_CorrespondingSourceObject: {fileID: 1365257799471445637, guid: 9c37982a5c7706344ad1990cc2ef507b,
    type: 3}
  m_PrefabInstance: {fileID: 4090402747095964523}
  m_PrefabAsset: {fileID: 0}
--- !u!4 &3293691917689052178 stripped
Transform:
  m_CorrespondingSourceObject: {fileID: 1545171149741197177, guid: 9c37982a5c7706344ad1990cc2ef507b,
    type: 3}
  m_PrefabInstance: {fileID: 4090402747095964523}
  m_PrefabAsset: {fileID: 0}
--- !u!4 &3604036209533268236 stripped
Transform:
  m_CorrespondingSourceObject: {fileID: 774650429074041447, guid: 9c37982a5c7706344ad1990cc2ef507b,
    type: 3}
  m_PrefabInstance: {fileID: 4090402747095964523}
  m_PrefabAsset: {fileID: 0}
--- !u!4 &3951902665552057363 stripped
Transform:
  m_CorrespondingSourceObject: {fileID: 1014432694425718648, guid: 9c37982a5c7706344ad1990cc2ef507b,
    type: 3}
  m_PrefabInstance: {fileID: 4090402747095964523}
  m_PrefabAsset: {fileID: 0}
--- !u!4 &4366904389272758729 stripped
Transform:
  m_CorrespondingSourceObject: {fileID: 314789937748488866, guid: 9c37982a5c7706344ad1990cc2ef507b,
    type: 3}
  m_PrefabInstance: {fileID: 4090402747095964523}
  m_PrefabAsset: {fileID: 0}
--- !u!4 &4574892733614911119 stripped
Transform:
  m_CorrespondingSourceObject: {fileID: 556562975072073188, guid: 9c37982a5c7706344ad1990cc2ef507b,
    type: 3}
  m_PrefabInstance: {fileID: 4090402747095964523}
  m_PrefabAsset: {fileID: 0}
--- !u!4 &4872866192118614144 stripped
Transform:
  m_CorrespondingSourceObject: {fileID: 8888947172629959659, guid: 9c37982a5c7706344ad1990cc2ef507b,
    type: 3}
  m_PrefabInstance: {fileID: 4090402747095964523}
  m_PrefabAsset: {fileID: 0}
--- !u!4 &5201684767549450025 stripped
Transform:
  m_CorrespondingSourceObject: {fileID: 8139164635639561282, guid: 9c37982a5c7706344ad1990cc2ef507b,
    type: 3}
  m_PrefabInstance: {fileID: 4090402747095964523}
  m_PrefabAsset: {fileID: 0}
--- !u!4 &6381916476289000142 stripped
Transform:
  m_CorrespondingSourceObject: {fileID: 6941481443982113189, guid: 9c37982a5c7706344ad1990cc2ef507b,
    type: 3}
  m_PrefabInstance: {fileID: 4090402747095964523}
  m_PrefabAsset: {fileID: 0}
--- !u!4 &6393110456998803184 stripped
Transform:
  m_CorrespondingSourceObject: {fileID: 6952682299063299483, guid: 9c37982a5c7706344ad1990cc2ef507b,
    type: 3}
  m_PrefabInstance: {fileID: 4090402747095964523}
  m_PrefabAsset: {fileID: 0}
--- !u!4 &6875972414396543399 stripped
Transform:
  m_CorrespondingSourceObject: {fileID: 7469320976364366540, guid: 9c37982a5c7706344ad1990cc2ef507b,
    type: 3}
  m_PrefabInstance: {fileID: 4090402747095964523}
  m_PrefabAsset: {fileID: 0}
--- !u!4 &6962721163588219102 stripped
Transform:
  m_CorrespondingSourceObject: {fileID: 6369367103785069493, guid: 9c37982a5c7706344ad1990cc2ef507b,
    type: 3}
  m_PrefabInstance: {fileID: 4090402747095964523}
  m_PrefabAsset: {fileID: 0}
--- !u!4 &7614037980009070389 stripped
Transform:
  m_CorrespondingSourceObject: {fileID: 5867759940892501086, guid: 9c37982a5c7706344ad1990cc2ef507b,
    type: 3}
  m_PrefabInstance: {fileID: 4090402747095964523}
  m_PrefabAsset: {fileID: 0}
--- !u!4 &7899124037275200135 stripped
Transform:
  m_CorrespondingSourceObject: {fileID: 6150602992298389996, guid: 9c37982a5c7706344ad1990cc2ef507b,
    type: 3}
  m_PrefabInstance: {fileID: 4090402747095964523}
  m_PrefabAsset: {fileID: 0}
--- !u!1001 &4431766076835639135
PrefabInstance:
  m_ObjectHideFlags: 0
  serializedVersion: 2
  m_Modification:
    m_TransformParent: {fileID: 9096905625054927368}
    m_Modifications:
    - target: {fileID: 4433491162790382681, guid: d84411654e9562444938a6cbe9f76598,
        type: 3}
      propertyPath: viewCamera
      value: 
      objectReference: {fileID: 9096905625056482306}
    - target: {fileID: 4433491162790382682, guid: d84411654e9562444938a6cbe9f76598,
        type: 3}
      propertyPath: m_Materials.Array.data[0]
      value: 
      objectReference: {fileID: 2100000, guid: b1fc4823c9039e54099113865b2c5780, type: 2}
    - target: {fileID: 4433491162790382685, guid: d84411654e9562444938a6cbe9f76598,
        type: 3}
      propertyPath: m_Name
      value: L_Controller
      objectReference: {fileID: 0}
    - target: {fileID: 4436408963349817983, guid: d84411654e9562444938a6cbe9f76598,
        type: 3}
      propertyPath: m_RootOrder
      value: 1
      objectReference: {fileID: 0}
    - target: {fileID: 4436408963349817983, guid: d84411654e9562444938a6cbe9f76598,
        type: 3}
      propertyPath: m_LocalPosition.x
      value: 0
      objectReference: {fileID: 0}
    - target: {fileID: 4436408963349817983, guid: d84411654e9562444938a6cbe9f76598,
        type: 3}
      propertyPath: m_LocalPosition.y
      value: 0
      objectReference: {fileID: 0}
    - target: {fileID: 4436408963349817983, guid: d84411654e9562444938a6cbe9f76598,
        type: 3}
      propertyPath: m_LocalPosition.z
      value: 0
      objectReference: {fileID: 0}
    - target: {fileID: 4436408963349817983, guid: d84411654e9562444938a6cbe9f76598,
        type: 3}
      propertyPath: m_LocalRotation.w
      value: 1
      objectReference: {fileID: 0}
    - target: {fileID: 4436408963349817983, guid: d84411654e9562444938a6cbe9f76598,
        type: 3}
      propertyPath: m_LocalRotation.x
      value: 0
      objectReference: {fileID: 0}
    - target: {fileID: 4436408963349817983, guid: d84411654e9562444938a6cbe9f76598,
        type: 3}
      propertyPath: m_LocalRotation.y
      value: 0
      objectReference: {fileID: 0}
    - target: {fileID: 4436408963349817983, guid: d84411654e9562444938a6cbe9f76598,
        type: 3}
      propertyPath: m_LocalRotation.z
      value: 0
      objectReference: {fileID: 0}
    - target: {fileID: 4436408963349817983, guid: d84411654e9562444938a6cbe9f76598,
        type: 3}
      propertyPath: m_LocalEulerAnglesHint.x
      value: 0
      objectReference: {fileID: 0}
    - target: {fileID: 4436408963349817983, guid: d84411654e9562444938a6cbe9f76598,
        type: 3}
      propertyPath: m_LocalEulerAnglesHint.y
      value: 0
      objectReference: {fileID: 0}
    - target: {fileID: 4436408963349817983, guid: d84411654e9562444938a6cbe9f76598,
        type: 3}
      propertyPath: m_LocalEulerAnglesHint.z
      value: 0
      objectReference: {fileID: 0}
    - target: {fileID: 4436547253973493679, guid: d84411654e9562444938a6cbe9f76598,
        type: 3}
      propertyPath: m_LocalRotation.x
      value: 0
      objectReference: {fileID: 0}
    - target: {fileID: 4436547253973493679, guid: d84411654e9562444938a6cbe9f76598,
        type: 3}
      propertyPath: m_LocalRotation.y
      value: 0
      objectReference: {fileID: 0}
    - target: {fileID: 4436547253973493679, guid: d84411654e9562444938a6cbe9f76598,
        type: 3}
      propertyPath: m_LocalRotation.z
      value: 0
      objectReference: {fileID: 0}
    - target: {fileID: 4507600478111926145, guid: d84411654e9562444938a6cbe9f76598,
        type: 3}
      propertyPath: mainCamera
      value: 
      objectReference: {fileID: 9096905625056482306}
    - target: {fileID: 5999164089275296385, guid: d84411654e9562444938a6cbe9f76598,
        type: 3}
      propertyPath: shoulder
      value: 
      objectReference: {fileID: 5016314201684864323}
    - target: {fileID: 6258993416025011210, guid: d84411654e9562444938a6cbe9f76598,
        type: 3}
      propertyPath: lockToTargetPosition
      value: 1
      objectReference: {fileID: 0}
    - target: {fileID: 6622589330675159033, guid: d84411654e9562444938a6cbe9f76598,
        type: 3}
      propertyPath: m_ConnectedAnchor.y
      value: 0
      objectReference: {fileID: 0}
    - target: {fileID: 6622589330846858560, guid: d84411654e9562444938a6cbe9f76598,
        type: 3}
      propertyPath: m_LocalPosition.y
      value: 0
      objectReference: {fileID: 0}
    - target: {fileID: 6622589330899664484, guid: d84411654e9562444938a6cbe9f76598,
        type: 3}
      propertyPath: resetDistance
      value: 0.16
      objectReference: {fileID: 0}
    - target: {fileID: 6622589330899664486, guid: d84411654e9562444938a6cbe9f76598,
        type: 3}
      propertyPath: m_IsActive
      value: 0
      objectReference: {fileID: 0}
    - target: {fileID: 6622589330965741041, guid: d84411654e9562444938a6cbe9f76598,
        type: 3}
      propertyPath: m_ConnectedAnchor.y
      value: 0
      objectReference: {fileID: 0}
    - target: {fileID: 6622589331078857822, guid: d84411654e9562444938a6cbe9f76598,
        type: 3}
      propertyPath: m_ConnectedAnchor.y
      value: 0
      objectReference: {fileID: 0}
    - target: {fileID: 6622589331087019315, guid: d84411654e9562444938a6cbe9f76598,
        type: 3}
      propertyPath: m_ConnectedAnchor.y
      value: 4.440892e-18
      objectReference: {fileID: 0}
    - target: {fileID: 6622589331238194753, guid: d84411654e9562444938a6cbe9f76598,
        type: 3}
      propertyPath: m_ConnectedAnchor.y
      value: 0.002543154
      objectReference: {fileID: 0}
    - target: {fileID: 6622589331352798293, guid: d84411654e9562444938a6cbe9f76598,
        type: 3}
      propertyPath: m_ConnectedAnchor.y
      value: 0.013691181
      objectReference: {fileID: 0}
    - target: {fileID: 6622589331415464359, guid: d84411654e9562444938a6cbe9f76598,
        type: 3}
      propertyPath: m_ConnectedAnchor.y
      value: 0.006529307
      objectReference: {fileID: 0}
    - target: {fileID: 6622589331547561991, guid: d84411654e9562444938a6cbe9f76598,
        type: 3}
      propertyPath: m_ConnectedAnchor.y
      value: 0.0115541
      objectReference: {fileID: 0}
    - target: {fileID: 6622589331741547618, guid: d84411654e9562444938a6cbe9f76598,
        type: 3}
      propertyPath: m_ConnectedAnchor.y
      value: 0.007316454
      objectReference: {fileID: 0}
    - target: {fileID: 6622589331770218240, guid: d84411654e9562444938a6cbe9f76598,
        type: 3}
      propertyPath: m_ConnectedAnchor.y
      value: 0
      objectReference: {fileID: 0}
    - target: {fileID: 6622589331800473189, guid: d84411654e9562444938a6cbe9f76598,
        type: 3}
      propertyPath: m_ConnectedAnchor.y
      value: 0
      objectReference: {fileID: 0}
    - target: {fileID: 6622589331853421474, guid: d84411654e9562444938a6cbe9f76598,
        type: 3}
      propertyPath: m_ConnectedAnchor.y
      value: -0.000005243346
      objectReference: {fileID: 0}
    - target: {fileID: 6622589332005779234, guid: d84411654e9562444938a6cbe9f76598,
        type: 3}
      propertyPath: m_ConnectedAnchor.y
      value: -7.867129e-10
      objectReference: {fileID: 0}
    - target: {fileID: 6622589332005779234, guid: d84411654e9562444938a6cbe9f76598,
        type: 3}
      propertyPath: m_ConnectedAnchor.z
      value: 2.9467628e-10
      objectReference: {fileID: 0}
    - target: {fileID: 6622589332291226385, guid: d84411654e9562444938a6cbe9f76598,
        type: 3}
      propertyPath: m_ConnectedAnchor.y
      value: 1.4460966e-10
      objectReference: {fileID: 0}
    - target: {fileID: 6622589332291226385, guid: d84411654e9562444938a6cbe9f76598,
        type: 3}
      propertyPath: m_ConnectedAnchor.z
      value: 0.0000000028558134
      objectReference: {fileID: 0}
    - target: {fileID: 6622589332564830545, guid: d84411654e9562444938a6cbe9f76598,
        type: 3}
      propertyPath: m_ConnectedAnchor.y
      value: -8.881784e-18
      objectReference: {fileID: 0}
    - target: {fileID: 6622589332630887067, guid: d84411654e9562444938a6cbe9f76598,
        type: 3}
      propertyPath: m_ConnectedAnchor.y
      value: -0.0000139204785
      objectReference: {fileID: 0}
    - target: {fileID: 8826969713479519254, guid: d84411654e9562444938a6cbe9f76598,
        type: 3}
      propertyPath: radius
      value: 0.05
      objectReference: {fileID: 0}
    m_RemovedComponents: []
  m_SourcePrefab: {fileID: 100100000, guid: d84411654e9562444938a6cbe9f76598, type: 3}
--- !u!114 &1367617400469283 stripped
MonoBehaviour:
  m_CorrespondingSourceObject: {fileID: 4432685607235213436, guid: d84411654e9562444938a6cbe9f76598,
    type: 3}
  m_PrefabInstance: {fileID: 4431766076835639135}
  m_PrefabAsset: {fileID: 0}
  m_GameObject: {fileID: 0}
  m_Enabled: 1
  m_EditorHideFlags: 0
  m_Script: {fileID: 11500000, guid: 773e26479abb04849b056a0afdbe4b5e, type: 3}
  m_Name: 
  m_EditorClassIdentifier: 
--- !u!1 &1732268248687362 stripped
GameObject:
  m_CorrespondingSourceObject: {fileID: 4433491162790382685, guid: d84411654e9562444938a6cbe9f76598,
    type: 3}
  m_PrefabInstance: {fileID: 4431766076835639135}
  m_PrefabAsset: {fileID: 0}
--- !u!114 &193305320
MonoBehaviour:
  m_ObjectHideFlags: 0
  m_CorrespondingSourceObject: {fileID: 0}
  m_PrefabInstance: {fileID: 0}
  m_PrefabAsset: {fileID: 0}
  m_GameObject: {fileID: 1732268248687362}
  m_Enabled: 1
  m_EditorHideFlags: 0
  m_Script: {fileID: 11500000, guid: 362e53a8444271c4a90b1859a0d71193, type: 3}
  m_Name: 
  m_EditorClassIdentifier: 
  componentDescription: This component is responsible to hold together a set of components
    used for the tracking state detection and as a way to control the state of the
    proxy hand as well.
  hand: {fileID: 114320644559001542}
--- !u!4 &4104996159571036 stripped
Transform:
  m_CorrespondingSourceObject: {fileID: 4435586848119548675, guid: d84411654e9562444938a6cbe9f76598,
    type: 3}
  m_PrefabInstance: {fileID: 4431766076835639135}
  m_PrefabAsset: {fileID: 0}
--- !u!4 &4178102362052054 stripped
Transform:
  m_CorrespondingSourceObject: {fileID: 4435513685997927049, guid: d84411654e9562444938a6cbe9f76598,
    type: 3}
  m_PrefabInstance: {fileID: 4431766076835639135}
  m_PrefabAsset: {fileID: 0}
--- !u!4 &4204095551816254 stripped
Transform:
  m_CorrespondingSourceObject: {fileID: 4435522671108549985, guid: d84411654e9562444938a6cbe9f76598,
    type: 3}
  m_PrefabInstance: {fileID: 4431766076835639135}
  m_PrefabAsset: {fileID: 0}
--- !u!4 &4224613918529648 stripped
Transform:
  m_CorrespondingSourceObject: {fileID: 4435985742367782703, guid: d84411654e9562444938a6cbe9f76598,
    type: 3}
  m_PrefabInstance: {fileID: 4431766076835639135}
  m_PrefabAsset: {fileID: 0}
--- !u!4 &4297029693385870 stripped
Transform:
  m_CorrespondingSourceObject: {fileID: 4435922367417189329, guid: d84411654e9562444938a6cbe9f76598,
    type: 3}
  m_PrefabInstance: {fileID: 4431766076835639135}
  m_PrefabAsset: {fileID: 0}
--- !u!4 &4319936944652402 stripped
Transform:
  m_CorrespondingSourceObject: {fileID: 4435925998833495853, guid: d84411654e9562444938a6cbe9f76598,
    type: 3}
  m_PrefabInstance: {fileID: 4431766076835639135}
  m_PrefabAsset: {fileID: 0}
--- !u!4 &4345738757847920 stripped
Transform:
  m_CorrespondingSourceObject: {fileID: 4435970492902970415, guid: d84411654e9562444938a6cbe9f76598,
    type: 3}
  m_PrefabInstance: {fileID: 4431766076835639135}
  m_PrefabAsset: {fileID: 0}
--- !u!4 &4417148771320162 stripped
Transform:
  m_CorrespondingSourceObject: {fileID: 4435898966907121213, guid: d84411654e9562444938a6cbe9f76598,
    type: 3}
  m_PrefabInstance: {fileID: 4431766076835639135}
  m_PrefabAsset: {fileID: 0}
--- !u!4 &4439640245176708 stripped
Transform:
  m_CorrespondingSourceObject: {fileID: 4435779621926250203, guid: d84411654e9562444938a6cbe9f76598,
    type: 3}
  m_PrefabInstance: {fileID: 4431766076835639135}
  m_PrefabAsset: {fileID: 0}
--- !u!4 &4511282882937494 stripped
Transform:
  m_CorrespondingSourceObject: {fileID: 4436271276932345289, guid: d84411654e9562444938a6cbe9f76598,
    type: 3}
  m_PrefabInstance: {fileID: 4431766076835639135}
  m_PrefabAsset: {fileID: 0}
--- !u!4 &4515131606556820 stripped
Transform:
  m_CorrespondingSourceObject: {fileID: 4436258632449904587, guid: d84411654e9562444938a6cbe9f76598,
    type: 3}
  m_PrefabInstance: {fileID: 4431766076835639135}
  m_PrefabAsset: {fileID: 0}
--- !u!4 &4524811139030408 stripped
Transform:
  m_CorrespondingSourceObject: {fileID: 4436283739537158871, guid: d84411654e9562444938a6cbe9f76598,
    type: 3}
  m_PrefabInstance: {fileID: 4431766076835639135}
  m_PrefabAsset: {fileID: 0}
--- !u!4 &4542833457826408 stripped
Transform:
  m_CorrespondingSourceObject: {fileID: 4436301178815194423, guid: d84411654e9562444938a6cbe9f76598,
    type: 3}
  m_PrefabInstance: {fileID: 4431766076835639135}
  m_PrefabAsset: {fileID: 0}
--- !u!4 &4559078249937406 stripped
Transform:
  m_CorrespondingSourceObject: {fileID: 4436320172352804513, guid: d84411654e9562444938a6cbe9f76598,
    type: 3}
  m_PrefabInstance: {fileID: 4431766076835639135}
  m_PrefabAsset: {fileID: 0}
--- !u!4 &4647966278280142 stripped
Transform:
  m_CorrespondingSourceObject: {fileID: 4436125385328675985, guid: d84411654e9562444938a6cbe9f76598,
    type: 3}
  m_PrefabInstance: {fileID: 4431766076835639135}
  m_PrefabAsset: {fileID: 0}
--- !u!4 &4699508940090868 stripped
Transform:
  m_CorrespondingSourceObject: {fileID: 4436179676768240299, guid: d84411654e9562444938a6cbe9f76598,
    type: 3}
  m_PrefabInstance: {fileID: 4431766076835639135}
  m_PrefabAsset: {fileID: 0}
--- !u!4 &4771060807580338 stripped
Transform:
  m_CorrespondingSourceObject: {fileID: 4436107777274353133, guid: d84411654e9562444938a6cbe9f76598,
    type: 3}
  m_PrefabInstance: {fileID: 4431766076835639135}
  m_PrefabAsset: {fileID: 0}
--- !u!4 &4789457144752766 stripped
Transform:
  m_CorrespondingSourceObject: {fileID: 4436547252167476513, guid: d84411654e9562444938a6cbe9f76598,
    type: 3}
  m_PrefabInstance: {fileID: 4431766076835639135}
  m_PrefabAsset: {fileID: 0}
--- !u!4 &4833923138724488 stripped
Transform:
  m_CorrespondingSourceObject: {fileID: 4436581822564142551, guid: d84411654e9562444938a6cbe9f76598,
    type: 3}
  m_PrefabInstance: {fileID: 4431766076835639135}
  m_PrefabAsset: {fileID: 0}
--- !u!4 &4837604575484452 stripped
Transform:
  m_CorrespondingSourceObject: {fileID: 4436577807981819259, guid: d84411654e9562444938a6cbe9f76598,
    type: 3}
  m_PrefabInstance: {fileID: 4431766076835639135}
  m_PrefabAsset: {fileID: 0}
--- !u!4 &4876269812151094 stripped
Transform:
  m_CorrespondingSourceObject: {fileID: 4436495561798016105, guid: d84411654e9562444938a6cbe9f76598,
    type: 3}
  m_PrefabInstance: {fileID: 4431766076835639135}
  m_PrefabAsset: {fileID: 0}
--- !u!4 &4913291910242050 stripped
Transform:
  m_CorrespondingSourceObject: {fileID: 4436537496298778717, guid: d84411654e9562444938a6cbe9f76598,
    type: 3}
  m_PrefabInstance: {fileID: 4431766076835639135}
  m_PrefabAsset: {fileID: 0}
--- !u!4 &4927694424311072 stripped
Transform:
  m_CorrespondingSourceObject: {fileID: 4436408963349817983, guid: d84411654e9562444938a6cbe9f76598,
    type: 3}
  m_PrefabInstance: {fileID: 4431766076835639135}
  m_PrefabAsset: {fileID: 0}
--- !u!114 &114320644559001542 stripped
MonoBehaviour:
  m_CorrespondingSourceObject: {fileID: 4329909506827155609, guid: d84411654e9562444938a6cbe9f76598,
    type: 3}
  m_PrefabInstance: {fileID: 4431766076835639135}
  m_PrefabAsset: {fileID: 0}
  m_GameObject: {fileID: 1732268248687362}
  m_Enabled: 1
  m_EditorHideFlags: 0
  m_Script: {fileID: 11500000, guid: cb7623a8f0b49cf4dbaa40aea4d4be64, type: 3}
  m_Name: 
  m_EditorClassIdentifier: 
--- !u!1001 &7974459433738988812
PrefabInstance:
  m_ObjectHideFlags: 0
  serializedVersion: 2
  m_Modification:
    m_TransformParent: {fileID: 9096905625054976984}
    m_Modifications:
    - target: {fileID: 7974459434248858420, guid: 62d79a2c8d0d8944b9c9f931c78b4537,
        type: 3}
      propertyPath: m_RootOrder
      value: 2
      objectReference: {fileID: 0}
    - target: {fileID: 7974459434248858420, guid: 62d79a2c8d0d8944b9c9f931c78b4537,
        type: 3}
      propertyPath: m_LocalPosition.x
      value: 0.15
      objectReference: {fileID: 0}
    - target: {fileID: 7974459434248858420, guid: 62d79a2c8d0d8944b9c9f931c78b4537,
        type: 3}
      propertyPath: m_LocalPosition.y
      value: 0
      objectReference: {fileID: 0}
    - target: {fileID: 7974459434248858420, guid: 62d79a2c8d0d8944b9c9f931c78b4537,
        type: 3}
      propertyPath: m_LocalPosition.z
      value: 1.5
      objectReference: {fileID: 0}
    - target: {fileID: 7974459434248858420, guid: 62d79a2c8d0d8944b9c9f931c78b4537,
        type: 3}
      propertyPath: m_LocalRotation.w
      value: 0.5
      objectReference: {fileID: 0}
    - target: {fileID: 7974459434248858420, guid: 62d79a2c8d0d8944b9c9f931c78b4537,
        type: 3}
      propertyPath: m_LocalRotation.x
      value: -0.5
      objectReference: {fileID: 0}
    - target: {fileID: 7974459434248858420, guid: 62d79a2c8d0d8944b9c9f931c78b4537,
        type: 3}
      propertyPath: m_LocalRotation.y
      value: -0.5
      objectReference: {fileID: 0}
    - target: {fileID: 7974459434248858420, guid: 62d79a2c8d0d8944b9c9f931c78b4537,
        type: 3}
      propertyPath: m_LocalRotation.z
      value: 0.5
      objectReference: {fileID: 0}
    - target: {fileID: 7974459434248858420, guid: 62d79a2c8d0d8944b9c9f931c78b4537,
        type: 3}
      propertyPath: m_LocalEulerAnglesHint.x
      value: 0
      objectReference: {fileID: 0}
    - target: {fileID: 7974459434248858420, guid: 62d79a2c8d0d8944b9c9f931c78b4537,
        type: 3}
      propertyPath: m_LocalEulerAnglesHint.y
      value: -90
      objectReference: {fileID: 0}
    - target: {fileID: 7974459434248858420, guid: 62d79a2c8d0d8944b9c9f931c78b4537,
        type: 3}
      propertyPath: m_LocalEulerAnglesHint.z
      value: 90
      objectReference: {fileID: 0}
    - target: {fileID: 7974459434248858425, guid: 62d79a2c8d0d8944b9c9f931c78b4537,
        type: 3}
      propertyPath: m_Name
      value: R_HandPoser
      objectReference: {fileID: 0}
    - target: {fileID: 7974459434248858426, guid: 62d79a2c8d0d8944b9c9f931c78b4537,
        type: 3}
      propertyPath: sourceHand
      value: 
      objectReference: {fileID: 1340744536882335}
    - target: {fileID: 7974459434248858426, guid: 62d79a2c8d0d8944b9c9f931c78b4537,
        type: 3}
      propertyPath: updateWrist
      value: 1
      objectReference: {fileID: 0}
    - target: {fileID: 7974459434248858426, guid: 62d79a2c8d0d8944b9c9f931c78b4537,
        type: 3}
      propertyPath: jointPairsList.Array.data[0].sourceBones.Array.size
      value: 5
      objectReference: {fileID: 0}
    - target: {fileID: 7974459434248858426, guid: 62d79a2c8d0d8944b9c9f931c78b4537,
        type: 3}
      propertyPath: jointPairsList.Array.data[0].targetBones.Array.size
      value: 5
      objectReference: {fileID: 0}
    - target: {fileID: 7974459434248858426, guid: 62d79a2c8d0d8944b9c9f931c78b4537,
        type: 3}
      propertyPath: jointPairsList.Array.data[1].sourceBones.Array.size
      value: 4
      objectReference: {fileID: 0}
    - target: {fileID: 7974459434248858426, guid: 62d79a2c8d0d8944b9c9f931c78b4537,
        type: 3}
      propertyPath: jointPairsList.Array.data[1].targetBones.Array.size
      value: 4
      objectReference: {fileID: 0}
    - target: {fileID: 7974459434248858426, guid: 62d79a2c8d0d8944b9c9f931c78b4537,
        type: 3}
      propertyPath: jointPairsList.Array.data[2].sourceBones.Array.size
      value: 4
      objectReference: {fileID: 0}
    - target: {fileID: 7974459434248858426, guid: 62d79a2c8d0d8944b9c9f931c78b4537,
        type: 3}
      propertyPath: jointPairsList.Array.data[2].targetBones.Array.size
      value: 4
      objectReference: {fileID: 0}
    - target: {fileID: 7974459434248858426, guid: 62d79a2c8d0d8944b9c9f931c78b4537,
        type: 3}
      propertyPath: jointPairsList.Array.data[3].sourceBones.Array.size
      value: 4
      objectReference: {fileID: 0}
    - target: {fileID: 7974459434248858426, guid: 62d79a2c8d0d8944b9c9f931c78b4537,
        type: 3}
      propertyPath: jointPairsList.Array.data[3].targetBones.Array.size
      value: 4
      objectReference: {fileID: 0}
    - target: {fileID: 7974459434248858426, guid: 62d79a2c8d0d8944b9c9f931c78b4537,
        type: 3}
      propertyPath: jointPairsList.Array.data[4].sourceBones.Array.size
      value: 5
      objectReference: {fileID: 0}
    - target: {fileID: 7974459434248858426, guid: 62d79a2c8d0d8944b9c9f931c78b4537,
        type: 3}
      propertyPath: jointPairsList.Array.data[4].targetBones.Array.size
      value: 5
      objectReference: {fileID: 0}
    - target: {fileID: 7974459434248858426, guid: 62d79a2c8d0d8944b9c9f931c78b4537,
        type: 3}
      propertyPath: jointPairsList.Array.data[0].sourceBones.Array.data[0]
      value: 
      objectReference: {fileID: 0}
    - target: {fileID: 7974459434248858426, guid: 62d79a2c8d0d8944b9c9f931c78b4537,
        type: 3}
      propertyPath: jointPairsList.Array.data[0].sourceBones.Array.data[1]
      value: 
      objectReference: {fileID: 0}
    - target: {fileID: 7974459434248858426, guid: 62d79a2c8d0d8944b9c9f931c78b4537,
        type: 3}
      propertyPath: jointPairsList.Array.data[0].sourceBones.Array.data[2]
      value: 
      objectReference: {fileID: 0}
    - target: {fileID: 7974459434248858426, guid: 62d79a2c8d0d8944b9c9f931c78b4537,
        type: 3}
      propertyPath: jointPairsList.Array.data[0].sourceBones.Array.data[3]
      value: 
      objectReference: {fileID: 0}
    - target: {fileID: 7974459434248858426, guid: 62d79a2c8d0d8944b9c9f931c78b4537,
        type: 3}
      propertyPath: jointPairsList.Array.data[0].sourceBones.Array.data[4]
      value: 
      objectReference: {fileID: 0}
    - target: {fileID: 7974459434248858426, guid: 62d79a2c8d0d8944b9c9f931c78b4537,
        type: 3}
      propertyPath: jointPairsList.Array.data[1].sourceBones.Array.data[0]
      value: 
      objectReference: {fileID: 0}
    - target: {fileID: 7974459434248858426, guid: 62d79a2c8d0d8944b9c9f931c78b4537,
        type: 3}
      propertyPath: jointPairsList.Array.data[1].sourceBones.Array.data[1]
      value: 
      objectReference: {fileID: 0}
    - target: {fileID: 7974459434248858426, guid: 62d79a2c8d0d8944b9c9f931c78b4537,
        type: 3}
      propertyPath: jointPairsList.Array.data[1].sourceBones.Array.data[2]
      value: 
      objectReference: {fileID: 0}
    - target: {fileID: 7974459434248858426, guid: 62d79a2c8d0d8944b9c9f931c78b4537,
        type: 3}
      propertyPath: jointPairsList.Array.data[1].sourceBones.Array.data[3]
      value: 
      objectReference: {fileID: 0}
    - target: {fileID: 7974459434248858426, guid: 62d79a2c8d0d8944b9c9f931c78b4537,
        type: 3}
      propertyPath: jointPairsList.Array.data[2].sourceBones.Array.data[0]
      value: 
      objectReference: {fileID: 0}
    - target: {fileID: 7974459434248858426, guid: 62d79a2c8d0d8944b9c9f931c78b4537,
        type: 3}
      propertyPath: jointPairsList.Array.data[2].sourceBones.Array.data[1]
      value: 
      objectReference: {fileID: 0}
    - target: {fileID: 7974459434248858426, guid: 62d79a2c8d0d8944b9c9f931c78b4537,
        type: 3}
      propertyPath: jointPairsList.Array.data[2].sourceBones.Array.data[2]
      value: 
      objectReference: {fileID: 0}
    - target: {fileID: 7974459434248858426, guid: 62d79a2c8d0d8944b9c9f931c78b4537,
        type: 3}
      propertyPath: jointPairsList.Array.data[2].sourceBones.Array.data[3]
      value: 
      objectReference: {fileID: 0}
    - target: {fileID: 7974459434248858426, guid: 62d79a2c8d0d8944b9c9f931c78b4537,
        type: 3}
      propertyPath: jointPairsList.Array.data[3].sourceBones.Array.data[0]
      value: 
      objectReference: {fileID: 0}
    - target: {fileID: 7974459434248858426, guid: 62d79a2c8d0d8944b9c9f931c78b4537,
        type: 3}
      propertyPath: jointPairsList.Array.data[3].sourceBones.Array.data[1]
      value: 
      objectReference: {fileID: 0}
    - target: {fileID: 7974459434248858426, guid: 62d79a2c8d0d8944b9c9f931c78b4537,
        type: 3}
      propertyPath: jointPairsList.Array.data[3].sourceBones.Array.data[2]
      value: 
      objectReference: {fileID: 0}
    - target: {fileID: 7974459434248858426, guid: 62d79a2c8d0d8944b9c9f931c78b4537,
        type: 3}
      propertyPath: jointPairsList.Array.data[3].sourceBones.Array.data[3]
      value: 
      objectReference: {fileID: 0}
    - target: {fileID: 7974459434248858426, guid: 62d79a2c8d0d8944b9c9f931c78b4537,
        type: 3}
      propertyPath: jointPairsList.Array.data[4].sourceBones.Array.data[0]
      value: 
      objectReference: {fileID: 0}
    - target: {fileID: 7974459434248858426, guid: 62d79a2c8d0d8944b9c9f931c78b4537,
        type: 3}
      propertyPath: jointPairsList.Array.data[4].sourceBones.Array.data[1]
      value: 
      objectReference: {fileID: 0}
    - target: {fileID: 7974459434248858426, guid: 62d79a2c8d0d8944b9c9f931c78b4537,
        type: 3}
      propertyPath: jointPairsList.Array.data[4].sourceBones.Array.data[2]
      value: 
      objectReference: {fileID: 0}
    - target: {fileID: 7974459434248858426, guid: 62d79a2c8d0d8944b9c9f931c78b4537,
        type: 3}
      propertyPath: jointPairsList.Array.data[4].sourceBones.Array.data[3]
      value: 
      objectReference: {fileID: 0}
    - target: {fileID: 7974459434248858426, guid: 62d79a2c8d0d8944b9c9f931c78b4537,
        type: 3}
      propertyPath: jointPairsList.Array.data[4].sourceBones.Array.data[4]
      value: 
      objectReference: {fileID: 0}
    m_RemovedComponents: []
  m_SourcePrefab: {fileID: 100100000, guid: 62d79a2c8d0d8944b9c9f931c78b4537, type: 3}
--- !u!4 &1642858040 stripped
Transform:
  m_CorrespondingSourceObject: {fileID: 7974459434248858420, guid: 62d79a2c8d0d8944b9c9f931c78b4537,
    type: 3}
  m_PrefabInstance: {fileID: 7974459433738988812}
  m_PrefabAsset: {fileID: 0}
--- !u!1001 &8094254937734187751
PrefabInstance:
  m_ObjectHideFlags: 0
  serializedVersion: 2
  m_Modification:
    m_TransformParent: {fileID: 9096905625054932492}
    m_Modifications:
    - target: {fileID: 1947863355788371761, guid: 7d1d01eb666fd8a41b7a63bcd1acdffd,
        type: 3}
      propertyPath: lockToTargetPosition
      value: 1
      objectReference: {fileID: 0}
    - target: {fileID: 2203691554422487482, guid: 7d1d01eb666fd8a41b7a63bcd1acdffd,
        type: 3}
      propertyPath: shoulder
      value: 
      objectReference: {fileID: 7666158857164963018}
    - target: {fileID: 4011555051381055277, guid: 7d1d01eb666fd8a41b7a63bcd1acdffd,
        type: 3}
      propertyPath: radius
      value: 0.05
      objectReference: {fileID: 0}
    - target: {fileID: 8089730773794188135, guid: 7d1d01eb666fd8a41b7a63bcd1acdffd,
        type: 3}
      propertyPath: m_RootOrder
      value: 1
      objectReference: {fileID: 0}
    - target: {fileID: 8089730773794188135, guid: 7d1d01eb666fd8a41b7a63bcd1acdffd,
        type: 3}
      propertyPath: m_LocalPosition.x
      value: 0
      objectReference: {fileID: 0}
    - target: {fileID: 8089730773794188135, guid: 7d1d01eb666fd8a41b7a63bcd1acdffd,
        type: 3}
      propertyPath: m_LocalPosition.y
      value: 0
      objectReference: {fileID: 0}
    - target: {fileID: 8089730773794188135, guid: 7d1d01eb666fd8a41b7a63bcd1acdffd,
        type: 3}
      propertyPath: m_LocalPosition.z
      value: 0
      objectReference: {fileID: 0}
    - target: {fileID: 8089730773794188135, guid: 7d1d01eb666fd8a41b7a63bcd1acdffd,
        type: 3}
      propertyPath: m_LocalRotation.w
      value: 1
      objectReference: {fileID: 0}
    - target: {fileID: 8089730773794188135, guid: 7d1d01eb666fd8a41b7a63bcd1acdffd,
        type: 3}
      propertyPath: m_LocalRotation.x
      value: -0
      objectReference: {fileID: 0}
    - target: {fileID: 8089730773794188135, guid: 7d1d01eb666fd8a41b7a63bcd1acdffd,
        type: 3}
      propertyPath: m_LocalRotation.y
      value: -0
      objectReference: {fileID: 0}
    - target: {fileID: 8089730773794188135, guid: 7d1d01eb666fd8a41b7a63bcd1acdffd,
        type: 3}
      propertyPath: m_LocalRotation.z
      value: -0
      objectReference: {fileID: 0}
    - target: {fileID: 8089730773794188135, guid: 7d1d01eb666fd8a41b7a63bcd1acdffd,
        type: 3}
      propertyPath: m_LocalEulerAnglesHint.x
      value: 0
      objectReference: {fileID: 0}
    - target: {fileID: 8089730773794188135, guid: 7d1d01eb666fd8a41b7a63bcd1acdffd,
        type: 3}
      propertyPath: m_LocalEulerAnglesHint.y
      value: 0
      objectReference: {fileID: 0}
    - target: {fileID: 8089730773794188135, guid: 7d1d01eb666fd8a41b7a63bcd1acdffd,
        type: 3}
      propertyPath: m_LocalEulerAnglesHint.z
      value: 0
      objectReference: {fileID: 0}
    - target: {fileID: 8093266966158962796, guid: 7d1d01eb666fd8a41b7a63bcd1acdffd,
        type: 3}
      propertyPath: viewCamera
      value: 
      objectReference: {fileID: 9096905625056482306}
    - target: {fileID: 8093266966158962797, guid: 7d1d01eb666fd8a41b7a63bcd1acdffd,
        type: 3}
      propertyPath: m_Name
      value: R_Controller
      objectReference: {fileID: 0}
    - target: {fileID: 8094254938751224271, guid: 7d1d01eb666fd8a41b7a63bcd1acdffd,
        type: 3}
      propertyPath: m_Materials.Array.data[0]
      value: 
      objectReference: {fileID: 2100000, guid: b1fc4823c9039e54099113865b2c5780, type: 2}
    - target: {fileID: 8312075906978107998, guid: 7d1d01eb666fd8a41b7a63bcd1acdffd,
        type: 3}
      propertyPath: mainCamera
      value: 
      objectReference: {fileID: 9096905625056482306}
    - target: {fileID: 8515496256827326719, guid: 7d1d01eb666fd8a41b7a63bcd1acdffd,
        type: 3}
      propertyPath: m_ConnectedAnchor.y
      value: 0.0000139204785
      objectReference: {fileID: 0}
    - target: {fileID: 8515496257008642283, guid: 7d1d01eb666fd8a41b7a63bcd1acdffd,
        type: 3}
      propertyPath: m_ConnectedAnchor.y
      value: -0.011554099
      objectReference: {fileID: 0}
    - target: {fileID: 8515496257070597194, guid: 7d1d01eb666fd8a41b7a63bcd1acdffd,
        type: 3}
      propertyPath: m_ConnectedAnchor.y
      value: 0
      objectReference: {fileID: 0}
    - target: {fileID: 8515496257240685287, guid: 7d1d01eb666fd8a41b7a63bcd1acdffd,
        type: 3}
      propertyPath: m_ConnectedAnchor.y
      value: 0
      objectReference: {fileID: 0}
    - target: {fileID: 8515496257284768537, guid: 7d1d01eb666fd8a41b7a63bcd1acdffd,
        type: 3}
      propertyPath: m_ConnectedAnchor.y
      value: 0.000005243346
      objectReference: {fileID: 0}
    - target: {fileID: 8515496257381730294, guid: 7d1d01eb666fd8a41b7a63bcd1acdffd,
        type: 3}
      propertyPath: m_ConnectedAnchor.y
      value: 0
      objectReference: {fileID: 0}
    - target: {fileID: 8515496257849718306, guid: 7d1d01eb666fd8a41b7a63bcd1acdffd,
        type: 3}
      propertyPath: m_ConnectedAnchor.y
      value: -4.440892e-18
      objectReference: {fileID: 0}
    - target: {fileID: 8515496257919904834, guid: 7d1d01eb666fd8a41b7a63bcd1acdffd,
        type: 3}
      propertyPath: resetDistance
      value: 0.16
      objectReference: {fileID: 0}
    - target: {fileID: 8515496257919904835, guid: 7d1d01eb666fd8a41b7a63bcd1acdffd,
        type: 3}
      propertyPath: m_IsActive
      value: 0
      objectReference: {fileID: 0}
    - target: {fileID: 8515496257936468903, guid: 7d1d01eb666fd8a41b7a63bcd1acdffd,
        type: 3}
      propertyPath: m_ConnectedAnchor.y
      value: 0
      objectReference: {fileID: 0}
    - target: {fileID: 8515496258029824962, guid: 7d1d01eb666fd8a41b7a63bcd1acdffd,
        type: 3}
      propertyPath: m_ConnectedAnchor.y
      value: -0.0025431544
      objectReference: {fileID: 0}
    - target: {fileID: 8515496258163289638, guid: 7d1d01eb666fd8a41b7a63bcd1acdffd,
        type: 3}
      propertyPath: m_ConnectedAnchor.y
      value: -0.013691181
      objectReference: {fileID: 0}
    - target: {fileID: 8515496258465913824, guid: 7d1d01eb666fd8a41b7a63bcd1acdffd,
        type: 3}
      propertyPath: m_ConnectedAnchor.y
      value: 7.867129e-10
      objectReference: {fileID: 0}
    - target: {fileID: 8515496258465913824, guid: 7d1d01eb666fd8a41b7a63bcd1acdffd,
        type: 3}
      propertyPath: m_ConnectedAnchor.z
      value: -0.0000000021577762
      objectReference: {fileID: 0}
    - target: {fileID: 8515496258512344721, guid: 7d1d01eb666fd8a41b7a63bcd1acdffd,
        type: 3}
      propertyPath: m_ConnectedAnchor.y
      value: 8.881784e-18
      objectReference: {fileID: 0}
    - target: {fileID: 8515496258566608279, guid: 7d1d01eb666fd8a41b7a63bcd1acdffd,
        type: 3}
      propertyPath: m_ConnectedAnchor.y
      value: 0
      objectReference: {fileID: 0}
    - target: {fileID: 8515496258631669095, guid: 7d1d01eb666fd8a41b7a63bcd1acdffd,
        type: 3}
      propertyPath: m_ConnectedAnchor.y
      value: -0.0073164543
      objectReference: {fileID: 0}
    - target: {fileID: 8515496258874278421, guid: 7d1d01eb666fd8a41b7a63bcd1acdffd,
        type: 3}
      propertyPath: m_LocalPosition.y
      value: 0
      objectReference: {fileID: 0}
    - target: {fileID: 8515496258909946889, guid: 7d1d01eb666fd8a41b7a63bcd1acdffd,
        type: 3}
      propertyPath: m_ConnectedAnchor.y
      value: -0.006529307
      objectReference: {fileID: 0}
    m_RemovedComponents: []
  m_SourcePrefab: {fileID: 100100000, guid: 7d1d01eb666fd8a41b7a63bcd1acdffd, type: 3}
--- !u!114 &1340744536882335 stripped
MonoBehaviour:
  m_CorrespondingSourceObject: {fileID: 8093059366338688632, guid: 7d1d01eb666fd8a41b7a63bcd1acdffd,
    type: 3}
  m_PrefabInstance: {fileID: 8094254937734187751}
  m_PrefabAsset: {fileID: 0}
  m_GameObject: {fileID: 0}
  m_Enabled: 1
  m_EditorHideFlags: 0
  m_Script: {fileID: 11500000, guid: 773e26479abb04849b056a0afdbe4b5e, type: 3}
  m_Name: 
  m_EditorClassIdentifier: 
--- !u!1 &1581750343432842 stripped
GameObject:
  m_CorrespondingSourceObject: {fileID: 8093266966158962797, guid: 7d1d01eb666fd8a41b7a63bcd1acdffd,
    type: 3}
  m_PrefabInstance: {fileID: 8094254937734187751}
  m_PrefabAsset: {fileID: 0}
--- !u!114 &1490361461
MonoBehaviour:
  m_ObjectHideFlags: 0
  m_CorrespondingSourceObject: {fileID: 0}
  m_PrefabInstance: {fileID: 0}
  m_PrefabAsset: {fileID: 0}
  m_GameObject: {fileID: 1581750343432842}
  m_Enabled: 1
  m_EditorHideFlags: 0
  m_Script: {fileID: 11500000, guid: 362e53a8444271c4a90b1859a0d71193, type: 3}
  m_Name: 
  m_EditorClassIdentifier: 
  componentDescription: This component is responsible to hold together a set of components
    used for the tracking state detection and as a way to control the state of the
    proxy hand as well.
  hand: {fileID: 114417842194290120}
--- !u!4 &4766090875199872 stripped
Transform:
  m_CorrespondingSourceObject: {fileID: 8089730773794188135, guid: 7d1d01eb666fd8a41b7a63bcd1acdffd,
    type: 3}
  m_PrefabInstance: {fileID: 8094254937734187751}
  m_PrefabAsset: {fileID: 0}
--- !u!114 &114417842194290120 stripped
MonoBehaviour:
  m_CorrespondingSourceObject: {fileID: 8197377677194960687, guid: 7d1d01eb666fd8a41b7a63bcd1acdffd,
    type: 3}
  m_PrefabInstance: {fileID: 8094254937734187751}
  m_PrefabAsset: {fileID: 0}
  m_GameObject: {fileID: 1581750343432842}
  m_Enabled: 1
  m_EditorHideFlags: 0
  m_Script: {fileID: 11500000, guid: cb7623a8f0b49cf4dbaa40aea4d4be64, type: 3}
  m_Name: 
  m_EditorClassIdentifier: 
